 @article{spinellis,
 author = {Spinellis, Diomidis and Louridas, Panagiotis},
 title = {The Collaborative Organization of Knowledge},
 journal = {Commun. ACM},
 issue_date = {August 2008},
 volume = {51},
 number = {8},
 month = aug,
 year = {2008},
 issn = {0001-0782},
 pages = {68--73},
 numpages = {6},
 url = {http://doi.acm.org/10.1145/1378704.1378720},
 doi = {10.1145/1378704.1378720},
 acmid = {1378720},
 publisher = {ACM},
 address = {New York, NY, USA},
} 
